
@article{PapertSeymourandHarel1991a,
author = {{Papert, Seymour and Harel}, Idit and Papert, Seymour; Harel Idit},
doi = {10.1111/1467-9752.00269},
isbn = {0-89391-785-0 (Hardcover); 0-89391-786-9 (Paperback)},
journal = {Constructionism},
title = {{Situating Constructionism}},
year = {1991}
}

@book{Harvey1997,
author = {Harvey, Brian},
booktitle = {Computer Science Logo Style: Beyond Programming},
doi = {10.7551/mitpress/1974.001.0001},
title = {{Computer Science Logo Style: Beyond Programming}},
year = {1997}
}

@incollection{Noss2017,
author = {Noss, Richard and Hoyles, Celia},
booktitle = {Technology Enhanced Learning: Research Themes},
doi = {10.1007/978-3-319-02600-8_3},
isbn = {9783319026008},
title = {{Constructionism and Microworlds}},
year = {2017}
}

@incollection{Lave1991,
archivePrefix = {arXiv},
arxivId = {arXiv:1011.1669v3},
author = {Lave, Jean},
booktitle = {Perspectives on socially shared cognition},
doi = {10.1037/10096-003},
eprint = {arXiv:1011.1669v3},
isbn = {1557981213,},
issn = {18780369},
keywords = {Human,Psychology: Professional {\&} Research,analyzes learning as situated social practice,bookitem},
pages = {63--82},
pmid = {20816097},
title = {{Situating Learning in Communities of Practice}},
year = {1991}
}

@article{Blumenfeld1991,
author = {Blumenfeld, Phyllis C. and Soloway, Elliot and Marx, Ronald W. and Krajcik, Joseph S. and Guzdial, Mark and Palincsar, Annemarie},
doi = {10.1080/00461520.1991.9653139},
issn = {15326985},
journal = {Educational Psychologist},
title = {{Motivating Project-Based Learning: Sustaining the Doing, Supporting the Learning}},
year = {1991}
}

@article{Wurdinger2007,
author = {Wurdinger, Scott and Haar, Jean and Hugg, Robert and Bezon, Jennifer},
doi = {10.1177/1365480207078048},
issn = {13654802},
journal = {Improving Schools},
keywords = {Motivation,Student engagement,Teacher acceptance},
title = {{A qualitative study using project-based learning in a mainstream middle school}},
year = {2007}
}

@article{Holubova2008,
author = {Holubova, Renata},
issn = {15486613},
journal = {US-China Education Review},
pages = {27--35},
title = {{Effective Teaching Methods--Project-based Learning in Physics}},
year = {2008}
}

@article{Al-Balushi2014,
author = {Al-Balushi, Sulaiman M. and Al-Aamri, Shamsa S.},
doi = {10.1080/10382046.2014.927167},
issn = {17477611},
journal = {International Research in Geographical and Environmental Education},
keywords = {environmental knowledge,project-based learning (PBL),science attitudes},
title = {{The effect of environmental science projects on students environmental knowledge and science attitudes}},
year = {2014}
}

@misc{Ofsted2018,
author = {Ofsted and Spielman, Amanda},
booktitle = {GOV.UK},
title = {{HMCI commentary: curriculum and the new education inspection framework - GOV.UK}},
url = {https://www.gov.uk/government/speeches/hmci-commentary-curriculum-and-the-new-education-inspection-framework},
urldate = {2019-07-25},
year = {2018}
}

@misc{TheEducationEndowmentFoundation2016,
author = {{The Education Endowment Foundation}},
title = {{Project-Based Learning | Projects | EEF}},
url = {https://educationendowmentfoundation.org.uk/projects-and-evaluation/projects/project-based-learning},
urldate = {2019-07-26},
year = {2016}
}

@misc{InnovationUnit2016,
author = {{Innovation Unit}},
title = {{Why the UK needs to understand when and how PBL really works | Innovation Unit | New solutions for thriving societies}},
url = {https://www.innovationunit.org/thoughts/why-the-uk-needs-to-do-more-to-understand-when-and-how-project-based-learning-really-works/},
urldate = {2019-07-26},
year = {2016}
}

@article{Boaler1999,
author = {Boaler, Jo},
issn = {0277-4232 U6 - ctx{\_}ver=Z39.88-2004{\&}ctx{\_}enc=info{\%}3Aofi{\%}2Fenc{\%}3AUTF-8{\&}rfr{\_}id=info:sid/summon.serialssolutions.com{\&}rft{\_}val{\_}fmt=info:ofi/fmt:kev:mtx:journal{\&}rft.genre=article{\&}rft.atitle=Mathematics+for+the+moment{\%}2C+or+the+millennium{\%}3F{\&}rft.jtitle=Education+W},
journal = {Education Week},
keywords = {Comparative studies,Mathematics education},
title = {{Mathematics for the moment, or the millennium?}},
year = {1999}
}
